<?xml version="1.0" encoding="UTF-8"?><collection xmlns="http://www.loc.gov/MARC21/slim"><record><leader>00544nam--2200169-i-4500</leader><controlfield tag="001">000030853</controlfield><controlfield tag="002">20161230</controlfield><controlfield tag="005">20161230201038</controlfield><controlfield tag="008">060222s1000------------r-----000-0-eng-d</controlfield><datafield ind1=" " ind2=" " tag="040"><subfield code="a">IFIN-HH</subfield></datafield><datafield ind1=" " ind2=" " tag="080"><subfield code="a">539.1.07(047)</subfield></datafield><datafield ind1="1" ind2=" " tag="110"><subfield code="a">National Research Council</subfield></datafield><datafield ind1="1" ind2="0" tag="245"><subfield code="a">Materials for radiation detection</subfield><subfield code="b">Report of the ad hoc committee on materials for radiation detector devices</subfield></datafield><datafield ind1=" " ind2=" " tag="260"><subfield code="a">Washington, D.C</subfield><subfield code="b">National Academy Of Sciences</subfield><subfield code="c">1974</subfield></datafield><datafield ind1=" " ind2=" " tag="300"><subfield code="a">XV + 344P</subfield></datafield><datafield ind1=" " ind2=" " tag="852"><subfield code="a">42457</subfield><subfield code="c">539.1.07:539.1.08</subfield></datafield><datafield ind1=" " ind2=" " tag="CAT"><subfield code="a">Sys</subfield><subfield code="c">20111026</subfield><subfield code="h">132002</subfield></datafield></record></collection>